%% This BibTeX bibliography file was created using BibDesk.
%% http://bibdesk.sourceforge.net/

%% Created for Yusuke Nagasaka at 2018-01-24 20:41:28 +0900 


%% Saved with string encoding Unicode (UTF-8) 

@article{hipmcl,
  title={{HipMCL}: A high-performance parallel implementation of the {M}arkov clustering algorithm for large-scale networks},
  author={Azad, Ariful and Pavlopoulos, Georgios A and Ouzounis, Christos A and Kyrpides, Nikos C and Bulu{\c{c}}, Aydin},
  journal={Nucleic Acids Research},
  year={2018}
}

@phdthesis{van2000graph,
  title={Graph clustering by flow simulation},
  author={Van Dongen, Stijn Marinus},
  year={2000}
}

@techreport{shiloach1980log,
  title={An {$O(\log n)$} parallel connectivity algorithm},
  author={Shiloach, Yossi and Vishkin, Uzi},
  year={1980},
  institution={Computer Science Department, Technion}
}

@article{bulucc2011combinatorial,
  title={The {C}ombinatorial {BLAS}: Design, implementation, and applications},
  author={Bulu{\c{c}}, Ayd{\i}n and Gilbert, John R},
  journal={The International Journal of High Performance Computing Applications},
  volume={25},
  number={4},
  pages={496--509},
  year={2011},
  publisher={Sage Publications Sage UK: London, England}
}


@inproceedings{bulucc2017design,
  title={Design of the {GraphBLAS API for C}},
  author={Bulu{\c{c}}, Aydin and Mattson, Tim and McMillan, Scott and Moreira, Jos{\'e} and Yang, Carl},
  booktitle={Parallel and Distributed Processing Symposium Workshops (IPDPSW), 2017 IEEE International},
  pages={643--652},
  year={2017},
  organization={IEEE}
}



@article{awerbuch1987new,
  title={New connectivity and MSF algorithms for shuffle-exchange network and PRAM},
  author={Awerbuch, Baruch and Shiloach, Yossi},
  journal={IEEE Transactions on Computers},
  volume={10},
  number={C-36},
  pages={1258--1263},
  year={1987}
}

@article{jain2017adaptive,
  title={An Adaptive Parallel Algorithm for Computing Connected Components},
  author={Jain, Chirag and Flick, Patrick and Pan, Tony and Green, Oded and Aluru, Srinivas},
  journal={IEEE Transactions on Parallel and Distributed Systems},
  volume={28},
  number={9},
  pages={2428--2439},
  year={2017},
  publisher={IEEE}
}

@inproceedings{slota2014bfs,
  title={BFS and coloring-based parallel algorithms for strongly connected components and related problems},
  author={Slota, George M and Rajamanickam, Sivasankaran and Madduri, Kamesh},
  booktitle={Parallel and Distributed Processing Symposium, 2014 IEEE 28th International},
  pages={550--559},
  year={2014},
  organization={IEEE}
}


@article{ballard2016reducing,
  title={Reducing communication costs for sparse matrix multiplication within algebraic multigrid},
  author={Ballard, Grey and Siefert, Christopher and Hu, Jonathan},
  journal={SIAM Journal on Scientific Computing},
  volume={38},
  number={3},
  pages={C203--C231},
  year={2016},
  publisher={SIAM}
}

@article{kielbasa2011adaptive,
  title={Adaptive seeds tame genomic sequence comparison},
  author={Kie{\l}basa, Szymon M and Wan, Raymond and Sato, Kengo and Horton, Paul and Frith, Martin C},
  journal={Genome Research},
  volume={21},
  number={3},
  pages={487--493},
  year={2011},
  publisher={Cold Spring Harbor Lab}
}

@inproceedings{azad2016distributed,
  title={Distributed-memory algorithms for maximum cardinality matching in bipartite graphs},
  author={Azad, Ariful and Bulu{\c{c}}, Aydin},
  booktitle={Parallel and Distributed Processing Symposium, 2016 IEEE International},
  pages={32--42},
  year={2016},
  organization={IEEE}
}

@article{davis2011university,
	Author = {Davis, Timothy A and Hu, Yifan},
	Date-Added = {2018-01-24 11:34:47 +0000},
	Date-Modified = {2018-01-24 11:34:47 +0000},
	Journal = {ACM Transactions on Mathematical Software (TOMS)},
	Number = {1},
	Pages = {1},
	Publisher = {ACM},
	Title = {The University of Florida sparse matrix collection},
	Volume = {38},
	Year = {2011}}
	
	

